<?xml version="1.0" encoding="utf-8"?>
<record xmlns="http://www.loc.gov/MARC21/slim" xmlns:xsi="http://www.w3.org/2001/XMLSchema-instance" xsi:schemaLocation="http://www.loc.gov/MARC21/slim http://www.loc.gov/standards/marcxml/schema/MARC21slim.xsd">
	<leader>     nam a22     Mi 4500</leader>
	<controlfield tag="001">b12014953</controlfield>
	<controlfield tag="003">UaCaAUL</controlfield>
	<controlfield tag="006">m        d        </controlfield>
	<controlfield tag="007">cr cn |||m|||a</controlfield>
	<controlfield tag="008">191029s1939    ua      o     000 0 ara d</controlfield>
	<datafield ind1=" " ind2=" " tag="040">
		<subfield code="a">ZYU</subfield>
		<subfield code="b">ara</subfield>
		<subfield code="e">rda</subfield>
		<subfield code="c">ZYU</subfield>
	</datafield>
	<datafield ind1=" " ind2=" " tag="043">
		<subfield code="a">f-ua---</subfield>
	</datafield>
	<datafield ind1=" " ind2=" " tag="090">
		<subfield code="a">DT59.C2</subfield>
		<subfield code="b">D75 1939</subfield>
	</datafield>
	<datafield ind1="1" ind2=" " tag="100">
		<subfield code="6">880-01</subfield>
		<subfield code="a">Drioton, Etienne,</subfield>
		<subfield code="d">1889-1961,</subfield>
		<subfield code="e">author.</subfield>
	</datafield>
	<datafield ind1="1" ind2="3" tag="245">
		<subfield code="6">880-02</subfield>
		<subfield code="a">al-Matḥaf al-Miṣrī /</subfield>
		<subfield code="c">taʼlīf Atyīn Driyūtūn =</subfield>
		<subfield code="b">Musée Égyptien / par Etienne Drioton.</subfield>
	</datafield>
	<datafield ind1="3" ind2="5" tag="246">
		<subfield code="a">Musée Égyptien</subfield>
	</datafield>
	<datafield ind1=" " ind2="1" tag="264">
		<subfield code="6">880-03</subfield>
		<subfield code="a">al-Qāhirah :</subfield>
		<subfield code="b">Maṣlaḥat al-Āthār al-Miṣrīyah,</subfield>
		<subfield code="c">1939.</subfield>
	</datafield>
	<datafield ind1=" " ind2="3" tag="264">
		<subfield code="6">880-04</subfield>
		<subfield code="a">al-Qāhirah :</subfield>
		<subfield code="b">Maṭbaʻat al-Mʻhad al-ʻIlmī al-Firansī lil-Āthār al-Sharqīyah,</subfield>
		<subfield code="c">1939.</subfield>
	</datafield>
	<datafield ind1=" " ind2=" " tag="300">
		<subfield code="a">online resource (18, 14 pages, 16 leaves of plates)</subfield>
	</datafield>
	<datafield ind1=" " ind2=" " tag="336">
		<subfield code="a">text</subfield>
		<subfield code="2">rdacontent</subfield>
	</datafield>
	<datafield ind1=" " ind2=" " tag="337">
		<subfield code="a">computer</subfield>
		<subfield code="2">rdamedia</subfield>
	</datafield>
	<datafield ind1=" " ind2=" " tag="338">
		<subfield code="a">online resource</subfield>
		<subfield code="2">rdacarrier</subfield>
	</datafield>
	<datafield ind1=" " ind2=" " tag="500">
		<subfield code="6">880-05</subfield>
		<subfield code="a">At head of title page: Wizārat al-Maʻārif al-ʻUmūmīyah ; Maṣlaḥat al-Āthār al-Miṣrīyah.</subfield>
	</datafield>
	<datafield ind1=" " ind2=" " tag="500">
		<subfield code="a">Part of the Arabic Collections Online (ACO) project, contributed by American University in Cairo Library.</subfield>
	</datafield>
	<datafield ind1=" " ind2=" " tag="533">
		<subfield code="a">Electronic reproduction.</subfield>
		<subfield code="b">New York, N.Y. :</subfield>
		<subfield code="c">New York University,</subfield>
		<subfield code="d">2019.</subfield>
		<subfield code="5">NNU</subfield>
	</datafield>
	<datafield ind1=" " ind2=" " tag="546">
		<subfield code="a">Text in Arabic and French.</subfield>
	</datafield>
	<datafield ind1=" " ind2=" " tag="500">
		<subfield code="6">880-06</subfield>
		<subfield code="a">Tidhkāran li-ziyārat ḥaḍrat ṣāḥib al-sumūw al-Imbrāṭūrī Walī ʻAhd Īrān.</subfield>
	</datafield>
	<datafield ind1=" " ind2=" " tag="500">
		<subfield code="6">880-07</subfield>
		<subfield code="a">&quot;Ṭubiʻat 150 nuskhah ʻalá waraq &quot;Lāfūmā&quot; raqm 50&quot; -- Page facing title page.</subfield>
	</datafield>
	<datafield ind1="2" ind2="0" tag="610">
		<subfield code="6">880-08</subfield>
		<subfield code="a">Matḥaf al-Miṣrī.</subfield>
	</datafield>
	<datafield ind1="2" ind2="7" tag="610">
		<subfield code="a">Matḥaf al-Miṣrī</subfield>
		<subfield code="2">fast</subfield>
		<subfield code="0">(OCoLC)fst00514970</subfield>
	</datafield>
	<datafield ind1=" " ind2="0" tag="651">
		<subfield code="a">Egypt</subfield>
		<subfield code="x">Antiquities.</subfield>
	</datafield>
	<datafield ind1=" " ind2="7" tag="650">
		<subfield code="a">Antiquities.</subfield>
		<subfield code="2">fast</subfield>
		<subfield code="0">(OCoLC)fst00810745</subfield>
	</datafield>
	<datafield ind1=" " ind2="7" tag="651">
		<subfield code="a">Egypt.</subfield>
		<subfield code="2">fast</subfield>
		<subfield code="0">(OCoLC)fst01208755</subfield>
	</datafield>
	<datafield ind1="1" ind2=" " tag="710">
		<subfield code="6">880-09</subfield>
		<subfield code="a">Egypt.</subfield>
		<subfield code="b">Maṣlaḥat al-Āthār.</subfield>
	</datafield>
	<datafield ind1="1" ind2=" " tag="710">
		<subfield code="6">880-10</subfield>
		<subfield code="a">Egypt.</subfield>
		<subfield code="b">Wizārat al-Maʻārif al-ʻUmūmīyah.</subfield>
	</datafield>
	<datafield ind1="2" ind2=" " tag="710">
		<subfield code="a">American University in Cairo.</subfield>
		<subfield code="b">Library.</subfield>
	</datafield>
	<datafield ind1="0" ind2=" " tag="730">
		<subfield code="a">Arabic Collections Online.</subfield>
	</datafield>
	<datafield ind1="0" ind2="8" tag="776">
		<subfield code="i">Print version:</subfield>
		<subfield code="a">Drioton, Etienne, 1889-1961, author.</subfield>
		<subfield code="t">al-Matḥaf al-Miṣrī</subfield>
		<subfield code="w">(UaCaAUL)b12014953</subfield>
		<subfield code="w">(OCoLC)122794952</subfield>
	</datafield>
	<datafield ind1="4" ind2="0" tag="856">
		<subfield code="u">http://hdl.handle.net/2333.1/bnzs7s0p</subfield>
	</datafield>
	<datafield ind1="1" ind2=" " tag="880">
		<subfield code="6">100-01</subfield>
		<subfield code="a">دريوتون، أتيين،</subfield>
		<subfield code="d">1889-1961،</subfield>
		<subfield code="e">author.</subfield>
	</datafield>
	<datafield ind1="1" ind2="2" tag="880">
		<subfield code="6">245-02</subfield>
		<subfield code="a">المتحف المصري /</subfield>
		<subfield code="c">تأليف أتيين دريوتون =</subfield>
		<subfield code="b">Musée Égyptien / par Etienne Drioton.</subfield>
	</datafield>
	<datafield ind1=" " ind2="1" tag="880">
		<subfield code="6">264-03</subfield>
		<subfield code="a">القاهرة :</subfield>
		<subfield code="b">مصلحة الآثار المصرية،</subfield>
		<subfield code="c">1939.</subfield>
	</datafield>
	<datafield ind1=" " ind2="3" tag="880">
		<subfield code="6">264-04</subfield>
		<subfield code="a">القاهرة :</subfield>
		<subfield code="b">مطبعة المعهد العلمي الفرنسي للآثار الشرقية،</subfield>
		<subfield code="c">1939.</subfield>
	</datafield>
	<datafield ind1=" " ind2=" " tag="880">
		<subfield code="6">500-05</subfield>
		<subfield code="a">At head of title page: وزارة المعارف العمومية ؛ مصلحة الآثار المصرية.</subfield>
	</datafield>
	<datafield ind1=" " ind2=" " tag="880">
		<subfield code="6">500-06</subfield>
		<subfield code="a">تذكارا لزيارة حضرة صاحب السمو الإمبراطوري ولي عهد إيران.</subfield>
	</datafield>
	<datafield ind1=" " ind2=" " tag="880">
		<subfield code="6">500-07</subfield>
		<subfield code="a">&quot;طبعت 150 نسخة على ورق &quot;لافوما&quot; رقم 50&quot;  -- Page facing title page.</subfield>
	</datafield>
	<datafield ind1="2" ind2="0" tag="880">
		<subfield code="6">610-08</subfield>
		<subfield code="a">متحف المصري.</subfield>
	</datafield>
	<datafield ind1="1" ind2=" " tag="880">
		<subfield code="6">710-09</subfield>
		<subfield code="a">مصر.</subfield>
		<subfield code="b">مصلحة الآثار.</subfield>
	</datafield>
	<datafield ind1="1" ind2=" " tag="880">
		<subfield code="6">710-10</subfield>
		<subfield code="a">مصر.</subfield>
		<subfield code="b">وزارة المعارف العمومية.</subfield>
	</datafield>
	<datafield ind1=" " ind2=" " tag="959">
		<subfield code="a">NNU</subfield>
		<subfield code="b">WEB</subfield>
		<subfield code="c">GENI</subfield>
		<subfield code="t">0</subfield>
		<subfield code="m">Electronic access</subfield>
		<subfield code="s">01</subfield>
	</datafield>
	<datafield ind1=" " ind2=" " tag="999">
		<subfield code="i">UaCaAUL_b12014953</subfield>
		<subfield code="o">(OCoLC)ocn122794952</subfield>
		<subfield code="s">auc_aco000609</subfield>
		<subfield code="e">(ERROR-880)</subfield>
		<subfield code="s">auc_aco000609</subfield>
	</datafield>
</record>
